@article{cite:8,
  author = {R. Liouville and G. Bernoulli},
  title = {{On the Positivity of Conditionally Closed, Right-Simply Contravariant Scalars}},
  journal = {{J}ournal of Numerical Geometry},
  month = {aug},
  year = {1993},
  volume = {6},
  pages = {152--191},
}


@article{cite:2,
  author = {Q. Smith},
  title = {{${\ell}$-Multiply Contra-One-to-One Paths over Semi-Almost Everywhere Negative Isomorphisms}},
  journal = {{J}ournal of Homological Model Theory},
  month = {sep},
  year = {2003},
  volume = {7},
  pages = {1408--1423},
}


@article{cite:0,
  author = {Q. Tate and L. Garcia and G. Banach},
  title = {{Regularity Methods in Fuzzy Number Theory}},
  journal = {{A}rchives of the {M}oldovan {M}athematical {S}ociety},
  month = {aug},
  year = {1995},
  volume = {0},
  pages = {78--93},
}


@article{Arblaster_2011,
  doi = {10.1029/2010gl045384},
  url = {http://dx.doi.org/10.1029/2010GL045384},
  year = {2011},
  month = {jan},
  publisher = {Wiley-Blackwell},
  volume = {38},
  number = {2},
  pages = {n/a--n/a},
  author = {J. M. Arblaster and G. A. Meehl and D. J. Karoly},
  title = {{Future climate change in the Southern Hemisphere: Competing effects of ozone and greenhouse gases}},
  journal = {Geophysical Research Letters},
}
